%YAML 1.1
%TAG !u! tag:unity3d.com,2011:
--- !u!1 &3945308938558928004
GameObject:
  m_ObjectHideFlags: 0
  m_CorrespondingSourceObject: {fileID: 0}
  m_PrefabInstance: {fileID: 0}
  m_PrefabAsset: {fileID: 0}
  serializedVersion: 6
  m_Component:
  - component: {fileID: 211374719571682893}
  - component: {fileID: 3499261287749239640}
  - component: {fileID: 408673139220896760}
  - component: {fileID: 4772758865836617466}
  - component: {fileID: 7388354180455365961}
  m_Layer: 0
  m_Name: Sidewalk Piece
  m_TagString: Untagged
  m_Icon: {fileID: 0}
  m_NavMeshLayer: 0
  m_StaticEditorFlags: 0
  m_IsActive: 1
--- !u!4 &211374719571682893
Transform:
  m_ObjectHideFlags: 0
  m_CorrespondingSourceObject: {fileID: 0}
  m_PrefabInstance: {fileID: 0}
  m_PrefabAsset: {fileID: 0}
  m_GameObject: {fileID: 3945308938558928004}
  m_LocalRotation: {x: 0, y: 0.4039445, z: 0, w: 0.91478354}
  m_LocalPosition: {x: 20.32, y: 0.1, z: 2.52}
  m_LocalScale: {x: 1, y: 1, z: 1}
  m_Children: []
  m_Father: {fileID: 0}
  m_RootOrder: 0
  m_LocalEulerAnglesHint: {x: 0, y: 47.65, z: 0}
--- !u!33 &3499261287749239640
MeshFilter:
  m_ObjectHideFlags: 0
  m_CorrespondingSourceObject: {fileID: 0}
  m_PrefabInstance: {fileID: 0}
  m_PrefabAsset: {fileID: 0}
  m_GameObject: {fileID: 3945308938558928004}
  m_Mesh: {fileID: 0}
--- !u!23 &408673139220896760
MeshRenderer:
  m_ObjectHideFlags: 0
  m_CorrespondingSourceObject: {fileID: 0}
  m_PrefabInstance: {fileID: 0}
  m_PrefabAsset: {fileID: 0}
  m_GameObject: {fileID: 3945308938558928004}
  m_Enabled: 1
  m_CastShadows: 1
  m_ReceiveShadows: 1
  m_DynamicOccludee: 1
  m_MotionVectors: 1
  m_LightProbeUsage: 1
  m_ReflectionProbeUsage: 1
  m_RenderingLayerMask: 1
  m_RendererPriority: 0
  m_Materials:
  - {fileID: 2100000, guid: 58714eb8d8af9de4b9fad3d7aa208f56, type: 2}
  m_StaticBatchInfo:
    firstSubMesh: 0
    subMeshCount: 0
  m_StaticBatchRoot: {fileID: 0}
  m_ProbeAnchor: {fileID: 0}
  m_LightProbeVolumeOverride: {fileID: 0}
  m_ScaleInLightmap: 1
  m_PreserveUVs: 0
  m_IgnoreNormalsForChartDetection: 0
  m_ImportantGI: 0
  m_StitchLightmapSeams: 1
  m_SelectedEditorRenderState: 2
  m_MinimumChartSize: 4
  m_AutoUVMaxDistance: 0.5
  m_AutoUVMaxAngle: 89
  m_LightmapParameters: {fileID: 0}
  m_SortingLayerID: 0
  m_SortingLayer: 0
  m_SortingOrder: 0
--- !u!114 &4772758865836617466
MonoBehaviour:
  m_ObjectHideFlags: 0
  m_CorrespondingSourceObject: {fileID: 0}
  m_PrefabInstance: {fileID: 0}
  m_PrefabAsset: {fileID: 0}
  m_GameObject: {fileID: 3945308938558928004}
  m_Enabled: 1
  m_EditorHideFlags: 0
  m_Script: {fileID: 11500000, guid: 8233d90336aea43098adf6dbabd606a2, type: 3}
  m_Name: 
  m_EditorClassIdentifier: 
  m_MeshFormatVersion: 1
  m_Faces:
  - m_Indexes: 000000000100000002000000010000000300000002000000
    m_SmoothingGroup: 0
    m_Uv:
      m_UseWorldSpace: 0
      m_FlipU: 0
      m_FlipV: 0
      m_SwapUV: 0
      m_Fill: 1
      m_Scale: {x: 0.5, y: 0.5}
      m_Offset: {x: 0, y: 0}
      m_Rotation: 0
      m_Anchor: 9
    m_Material: {fileID: 0}
    m_SubmeshIndex: 0
    m_ManualUV: 0
    elementGroup: -1
    m_TextureGroup: -1
  - m_Indexes: 040000000500000006000000050000000700000006000000
    m_SmoothingGroup: 0
    m_Uv:
      m_UseWorldSpace: 0
      m_FlipU: 0
      m_FlipV: 0
      m_SwapUV: 0
      m_Fill: 1
      m_Scale: {x: 0.5, y: 0.5}
      m_Offset: {x: 0, y: 0}
      m_Rotation: 0
      m_Anchor: 9
    m_Material: {fileID: 0}
    m_SubmeshIndex: 0
    m_ManualUV: 0
    elementGroup: -1
    m_TextureGroup: -1
  - m_Indexes: 08000000090000000a000000090000000b0000000a000000
    m_SmoothingGroup: 0
    m_Uv:
      m_UseWorldSpace: 0
      m_FlipU: 0
      m_FlipV: 0
      m_SwapUV: 0
      m_Fill: 1
      m_Scale: {x: 0.5, y: 0.5}
      m_Offset: {x: 0, y: 0}
      m_Rotation: 0
      m_Anchor: 9
    m_Material: {fileID: 0}
    m_SubmeshIndex: 0
    m_ManualUV: 0
    elementGroup: -1
    m_TextureGroup: -1
  - m_Indexes: 0c0000000d0000000e0000000d0000000f0000000e000000
    m_SmoothingGroup: 0
    m_Uv:
      m_UseWorldSpace: 0
      m_FlipU: 0
      m_FlipV: 0
      m_SwapUV: 0
      m_Fill: 1
      m_Scale: {x: 0.5, y: 0.5}
      m_Offset: {x: 0, y: 0}
      m_Rotation: 0
      m_Anchor: 9
    m_Material: {fileID: 0}
    m_SubmeshIndex: 0
    m_ManualUV: 0
    elementGroup: -1
    m_TextureGroup: -1
  - m_Indexes: 100000001100000012000000110000001300000012000000
    m_SmoothingGroup: 0
    m_Uv:
      m_UseWorldSpace: 0
      m_FlipU: 0
      m_FlipV: 0
      m_SwapUV: 0
      m_Fill: 1
      m_Scale: {x: 0.5, y: 0.5}
      m_Offset: {x: 0, y: 0}
      m_Rotation: 0
      m_Anchor: 9
    m_Material: {fileID: 0}
    m_SubmeshIndex: 0
    m_ManualUV: 0
    elementGroup: -1
    m_TextureGroup: -1
  - m_Indexes: 140000001500000016000000150000001700000016000000
    m_SmoothingGroup: 0
    m_Uv:
      m_UseWorldSpace: 0
      m_FlipU: 0
      m_FlipV: 0
      m_SwapUV: 0
      m_Fill: 1
      m_Scale: {x: 1, y: 1}
      m_Offset: {x: 0, y: 0}
      m_Rotation: 0
      m_Anchor: 9
    m_Material: {fileID: 0}
    m_SubmeshIndex: 0
    m_ManualUV: 0
    elementGroup: -1
    m_TextureGroup: -1
  m_SharedVertices:
  - m_Vertices: 000000000d00000016000000
  - m_Vertices: 010000000400000017000000
  - m_Vertices: 020000000f00000010000000
  - m_Vertices: 030000000600000011000000
  - m_Vertices: 050000000800000015000000
  - m_Vertices: 070000000a00000013000000
  - m_Vertices: 090000000c00000014000000
  - m_Vertices: 0b0000000e00000012000000
  m_SharedTextures: []
  m_Positions:
  - {x: -0.20220686, y: 0, z: 0.093350515}
  - {x: 3.5349185, y: 0, z: 0.1611576}
  - {x: 0, y: 0.2, z: 0}
  - {x: 3.3162665, y: 0.20000002, z: 0.051283438}
  - {x: 3.5349185, y: 0, z: 0.1611576}
  - {x: 3.7274773, y: 0, z: -5.0896316}
  - {x: 3.3162665, y: 0.20000002, z: 0.051283438}
  - {x: 3.5, y: 0.2, z: -5}
  - {x: 3.7274773, y: 0, z: -5.0896316}
  - {x: -0.19338161, y: 0, z: -5.106155}
  - {x: 3.5, y: 0.2, z: -5}
  - {x: 0, y: 0.2, z: -5}
  - {x: -0.19338161, y: 0, z: -5.106155}
  - {x: -0.20220686, y: 0, z: 0.093350515}
  - {x: 0, y: 0.2, z: -5}
  - {x: 0, y: 0.2, z: 0}
  - {x: 0, y: 0.2, z: 0}
  - {x: 3.3162665, y: 0.20000002, z: 0.051283438}
  - {x: 0, y: 0.2, z: -5}
  - {x: 3.5, y: 0.2, z: -5}
  - {x: -0.19338161, y: 0, z: -5.106155}
  - {x: 3.7274773, y: 0, z: -5.0896316}
  - {x: -0.20220686, y: 0, z: 0.093350515}
  - {x: 3.5349185, y: 0, z: 0.1611576}
  m_Textures0:
  - {x: -0.73395497, y: 0.014208231}
  - {x: -2.6028252, y: 0.014208231}
  - {x: -0.834195, y: 0.12534966}
  - {x: -2.4925206, y: 0.12728858}
  - {x: 2.5916462, y: -1.2098454}
  - {x: 2.6632762, y: -3.836028}
  - {x: 2.4434896, y: -1.264799}
  - {x: 2.5118365, y: -3.7911866}
  - {x: 2.7257721, y: -2.050012}
  - {x: 0.7653253, y: -2.050012}
  - {x: 2.6122234, y: -1.9402323}
  - {x: 0.8622389, y: -1.9371893}
  - {x: 3.805941, y: -0.0694562}
  - {x: 1.2061846, y: -0.0694562}
  - {x: 3.753028, y: 0.069707416}
  - {x: 1.2530314, y: 0.07265841}
  - {x: 0.875, y: -1.2371792}
  - {x: 2.5331333, y: -1.2115375}
  - {x: 0.875, y: -3.7371793}
  - {x: 2.625, y: -3.7371793}
  - {x: 0.19338161, y: -5.106155}
  - {x: -3.7274773, y: -5.0896316}
  - {x: 0.20220686, y: 0.093350515}
  - {x: -3.5349185, y: 0.1611576}
  m_Textures2: []
  m_Textures3: []
  m_Tangents:
  - {x: -0.9998355, y: 0, z: -0.018141195, w: -1}
  - {x: -0.99985415, y: 0.00051619834, z: -0.017077051, w: -1}
  - {x: -0.99985415, y: 0.00051619834, z: -0.017077051, w: -1}
  - {x: -0.99987125, y: 0.0010327756, z: -0.016012134, w: -1}
  - {x: 0.74398017, y: -0.6682017, z: -0.000000046218904, w: -1}
  - {x: 0.74511963, y: -0.6669309, z: 0.000041623356, w: -1}
  - {x: 0.74511963, y: -0.6669309, z: 0.000041623356, w: -1}
  - {x: 0.74625677, y: -0.66565824, z: 0.000083289255, w: -1}
  - {x: NaN, y: NaN, z: NaN, w: 1}
  - {x: NaN, y: NaN, z: NaN, w: 1}
  - {x: NaN, y: NaN, z: NaN, w: 1}
  - {x: NaN, y: NaN, z: NaN, w: 1}
  - {x: 0.0016973239, y: 1.619211e-10, z: -0.99999857, w: -1}
  - {x: 0.0012684305, y: 0.0004150869, z: -0.9999991, w: -1}
  - {x: 0.0012684305, y: 0.0004150869, z: -0.9999991, w: -1}
  - {x: 0.0008394352, y: 0.0008302737, z: -0.99999934, w: -1}
  - {x: 1, y: 0.0000000044933546, z: 0.000000023590111, w: -1}
  - {x: 1, y: 0.0000000022466773, z: 0.000000011795056, w: -1}
  - {x: 1, y: 0.0000000022466773, z: 0.000000011795056, w: -1}
  - {x: 1, y: 0, z: 0, w: -1}
  - {x: -1, y: 0, z: 0, w: -1}
  - {x: -1, y: 0, z: 0, w: -1}
  - {x: -1, y: 0, z: 0, w: -1}
  - {x: -1, y: 0, z: 0, w: -1}
  m_Colors: []
  m_UnwrapParameters:
    m_HardAngle: 88
    m_PackMargin: 20
    m_AngleError: 8
    m_AreaError: 15
  m_PreserveMeshAssetOnDestroy: 0
  assetGuid: 
  m_IsSelectable: 1
  m_SelectedFaces: 02000000
  m_SelectedEdges:
  - a: 8
    b: 9
  - a: 10
    b: 8
  - a: 9
    b: 11
  - a: 11
    b: 10
  m_SelectedVertices: 08000000090000000a0000000b000000
--- !u!64 &7388354180455365961
MeshCollider:
  m_ObjectHideFlags: 0
  m_CorrespondingSourceObject: {fileID: 0}
  m_PrefabInstance: {fileID: 0}
  m_PrefabAsset: {fileID: 0}
  m_GameObject: {fileID: 3945308938558928004}
  m_Material: {fileID: 0}
  m_IsTrigger: 0
  m_Enabled: 1
  serializedVersion: 3
  m_Convex: 0
  m_CookingOptions: 14
  m_Mesh: {fileID: 0}
